@misc{landsberg,
  author = 	 {B. Landsberg},
  title = 	 {Aircraft Icing},
  howpublished =  {Safety Advisor, Weather No.~1, Aircraft Owners and Pilots Association Air Safety Foundation},
  year = 	 2002,
}

@Article{myers,
  author = 	 {T. G. Myers},
  title = 	 {Extension to the Messinger Model for Aircraft Icing},
  journal =  {AIAA Journal},
  volume = 39,
  number = 2,
  year = 2001,
}

@techreport{lewice,
  author = 	 {W. Wright},
  title = 	 {User's Manual for LEWICE Version 3.2},
  institution =  {NASA},
  number = "CR 214255",
  year = 2008,
}

@Article{bragg,
  author = 	 {M. B. Bragg and A. P. Broeren and L. A. Blumenthal},
  title = 	 {Iced-Airfoil Aerodynamics},
  journal =  {Progress in Aerospace Sciences},
  volume = 41,
  pages = {323-362},
  year = 2005,
}

@misc{miller,
  author = 	 {D. R. Miller and Addy Jr., H. E. and R. F. Ide},
  title = 	 {A Study of Large Droplet Ice Accretions in the NASA-Lewis IRT at Near-Freezing Conditions},
  howpublished =  {AIAA Paper 96-0934},
  year = 1996
}

@Article{hansman,
  author = 	 {R. J. Hansman and S. Turnock},
  title = 	 {Investigation of Surface Water Behavior During Glaze Ice Accretion},
  journal =  {Journal of Aircraft},
  volume = 26,
  number = 2,
  pages = {140-147},
  year = 1989,
}

@Book{xiu_book,
author = {D. Xiu},
title = {Numerical Methods for Stochastic Computations: A Spectral Method Approach},
publisher = {Princeton University Press},
year = 2010,
}

@Book{ghanem_book,
author = {R. G. Ghanem and P. Spanos},
title = {Stochastic Finite Elements: A Spectral Approach},
publisher = {Springer-Verlag},
address = {New York},
year = 1991,
}

@misc{papadakis,
  author = 	 {M. Papadakis and B. E. Gile-Laflin and G. M. Youssef and T. P. Ratvasky},
  title = 	 {Aerodynamic Scaling Experiments with Simulated Ice Accretions},
  howpublished =  {AIAA Paper 2001-0833},
  year = 2001
}

@Article{martinelli,
  author = 	 {S. Tatsumi and L. Martinelli and A. Jameson},
  title = 	 {Flux Limited Schemes for the Compressible Navier-Stokes Equations},
  journal =  {AIAA Journal},
  volume = 33,
  number = 2,
  pages = {252-261},
  year = 1995,
}

@Article{wan,
  author = 	 {X. Wan and G. E. Karniadakis},
  title = 	 {An Adaptive Multi-Element Generalized Polynomial Chaos Method for Stochastic Differential Equations},
  journal =  {Journal of Computational Physics},
  volume = 209,
  pages = {617-642},
  year = 2005,
}

@Article{yamaguchi,
  author = 	 {R. J. Hansman and K. Yamaguchi and B. Berkowitz and M. Potapczuk},
  title = 	 {Modeling of surface roughness effects on glaze ice accretion},
  journal =  {Journal of Thermophysics and Heat Transfer},
  volume = 5,
  number = 1,
  pages = {54-60},
  year = 1991,
}

@Book{devroye,
author = {L. Devroye},
title = {Non-Uniform Random Variate Generation},
publisher = {Springer-Verlag},
address = {New York},
year = 1986,
}

@misc{mezic,
  author = {I. Mezic},
  title = {Uncertainty: Some Conceptual Thoughts and a Good Sampling Method},
  howpublished = {USA/South America Symposium on Stochastic Modeling and Uncertainty Quantification},  
  month = aug,
  year = 2011
}

@misc{broeren,
  author = 	 {A. Broeren and M. Potapczuk and J. Riley and P. Villedieu and F. Moens and M. Bragg},
  title = 	 {Swept-Wing Ice Accretion Characterization and Aerodynamics},
  howpublished =  {AIAA Paper 2013-2824},
  year = 2013
}

@Book{holmes,
author = {P. Holmes and J. Lumley and G. Berkooz and C. Rowley},
title = {Turbulence, Coherent Structures, Dynamical Systems and Symmetry},
publisher = {Cambridge University Press},
address = {New York},
year = 2012,
}

@Article{smolyak,
  author = 	 {S. A. Smolyak},
  title = 	 {Quadrature and Interpolation Formulas for Tensor Products of Certain Classes of Functions},
  journal =  {Soviet Math. Dokl.},
  volume = 4,
  pages = {240-243},
  year = 1963,
}

@Book{lemaitre,
author = {O. LeMaitre},
title = {Spectral Methods for Uncertainty Quantification},
publisher = {Springer},
year = 2010,
}

@misc{dakota,
  author = {B. M. Adams and W. J. Bohnhoff and K. R. Dalbey and J. P. Eddy and M. S. Eldred and D. M. Gay and K. Haskell and P. D. Hough and L. P. Swiler},
  title = {DAKOTA, A Multilevel Parallel Object-Oriented Framework for Design Optimization, Parameter Estimation, Uncertainty Quantification, and Sensitivity Analysis: Version 5.3 User's Manual},
  howpublished =  {Sandia Technical Report SAND2010-2183},
  year = 2013
}

@MISC{Martinelli:Validation,
 AUTHOR    = "L. Martinelli and A. Jameson",
 TITLE     = "Validation of a Multigrid Method for the {R}eynolds {A}veraged {E}quations",
 YEAR      = "1988",
 HOWPUBLISHED = "AIAA paper 88-0414"
 }
 
 @MISC{Tatsumi:High,
 AUTHOR = "S. Tatsumi and L. Martinelli and A. Jameson",
 TITLE = "A New High Resolution Scheme for Compressible Viscous Flows with Shocks",
 YEAR = "1995",
 MONTH = jan,
 HOWPUBLISHED = "AIAA paper 95-0466"
 }
 
 @TECHREPORT{Spalart:One,
 AUTHOR    = "P. Spalart and S. Allmaras",
 TITLE     = "A One-Equation Turbulent Model for Aerodynamic Flows",
 YEAR      = "1992",
 INSTITUTION = "30th AIAA Aerospace Sciences Meeting",
 TYPE      = "AIAA Paper",
 NUMBER    = "92-0439",
 MONTH     = jan,
 ADDRESS   = "Reno, NV"
 }
 
 @Article{Xiu:CustomBasis,
   author = 	 {D. Xiu and G. E. Karniadakis},
   title = 	 {The Wiener-Askey Polynomial Chaos for Stochastic Differential Equations},
   journal =  {SIAM Journal on Scientific Computing},
   volume = 24,
   pages = {614-644},
   year = 2002,
 }

 @Article{degennaro,
   author = 	 {A. DeGennaro and C. W. Rowley and L. Martinelli},
   title = 	 {Uncertainty Quantification for Airfoil Icing using Polynomial Chaos Expansions},
   journal =  {{\normalfont To appear in} Journal of Aircraft},
   year = 2015,
 }

 @techreport{Addy:Shapes,
  author = 	 {H. E. Addy},
  title = 	 {Ice Accretions and Icing Effects for Modern Airfoils},
  institution =  {NASA},
  number = "TP 2000-210031",
  year = 2000,
  month = apr
}

 @techreport{Wright:Shapes,
  author = 	 {W. B. Wright and A. Rutkowski},
  title = 	 {Validation Results for LEWICE 2.0},
  institution =  {NASA},
  number = "CR 1999-208690",
  year = 1999,
  month = jan
}

@Article{Gerstner:SparseGrids,
   author = 	 {T. Gerstner and M. Griebel},
   title = 	 {Numerical Integration using Sparse Grids},
   journal =  {Numerical Algorithms},
   volume = 18,
   pages = {209-232},
   year = 1998}
